<?xml version="1.0" encoding="UTF-8"?><collection xmlns="http://www.loc.gov/MARC21/slim"><record><leader>00487nam--2200193-u-4500</leader><controlfield tag="001">000052537</controlfield><controlfield tag="002">20161230</controlfield><controlfield tag="005">20161230201050</controlfield><controlfield tag="008">100903s1000------------r-----000-0-eng-d</controlfield><datafield ind1=" " ind2=" " tag="020"><subfield code="a">0080420281</subfield></datafield><datafield ind1=" " ind2=" " tag="040"><subfield code="a">IFIN-HH</subfield></datafield><datafield ind1=" " ind2=" " tag="080"><subfield code="a">532.529.2</subfield></datafield><datafield ind1="1" ind2=" " tag="100"><subfield code="a">Aref, H</subfield></datafield><datafield ind1="1" ind2="0" tag="245"><subfield code="a">Chaos Applied to Fluid Mixing</subfield><subfield code="c">H. Aref, M.S. El Naschie (Eds.)</subfield></datafield><datafield ind1=" " ind2=" " tag="260"><subfield code="a">Oxford</subfield><subfield code="b">Pergamon</subfield><subfield code="c">1995</subfield></datafield><datafield ind1=" " ind2=" " tag="300"><subfield code="a">380 p</subfield></datafield><datafield ind1="1" ind2=" " tag="700"><subfield code="a">Naschie, M.S.El</subfield></datafield><datafield ind1=" " ind2=" " tag="852"><subfield code="a">80856</subfield><subfield code="c">532</subfield></datafield><datafield ind1=" " ind2=" " tag="CAT"><subfield code="a">Sys</subfield><subfield code="c">20100903</subfield><subfield code="h">092620</subfield></datafield></record></collection>